@misc{BuildingMyFirstReactApp,
title = {Build your first React Native app - Todo List Tutorial},
author = {Made With Matt},
url = {https://www.youtube.com/watch?v=0kL6nhutjQ8&t=364s}
}